@book{zeldovitch_math_theory,
	title = {The Mathematical Theory of Combustion and Explosions},
	publisher = {Consultants Bureau, New York},
    AUTHOR ={Ya. Zeldovich and G. Barenblatt and V. Librovich and G. Makhviladze},
	year = {1985},
}

@article {Joulin1,
	author = "B.~Deshaies~ and G.~Joulin",
	title = "On the Initiation of a Spherical Flame Kernel",
	journal = "Combustion Science and Technology",
	volume = "37(3-4)",
	year = "1984",
	pages = "99--116",
}
@ARTICLE{buck1,
  AUTHOR =       {J. Buckmaster and G. Joulin and P. Ronney},
  TITLE =        {The structure and stability of nonadiabatic flame balls},
  JOURNAL =      {Combustion and Flame},
  YEAR =         {1990},
  volume =       {79(3-4)},
  pages =        {381-392},
}
@ARTICLE{buck2,
  AUTHOR =       {J. Buckmaster and G. Joulin and P. Ronney},
  TITLE =        {The structure and stability of nonadiabatic flame balls: {II}. Effects of far-field losses},
  JOURNAL =      {Combustion and Flame},
  YEAR =         {1991},
  volume =       {84(3-4)},
  pages =        {411-422},
}
@article {Joulin3,
	author = "G.~Joulin and J.~Buckmaster",
	title = "Influence of boundary losses on structure and dynamics of flame-balls",
	journal = "Combustion Science and Technology",
	volume = "89(1)",
	year = "1984",
	pages = "57–-69",
}
@article {buck3,
	author = "J.~Buckmaster and G.~Joulin",
	title = "Flame balls stabilized by suspension in fluid with a steady linear ambient velocity distribution",
	journal = "Journal of Fluid Mechanics",
	volume = "227(1)",
	year = "1991",
	pages = "407--427",
}
@article {Joulin3,
	author = "G.~Joulin and J.~Buckmaster",
	title = "Influence of boundary losses on structure and dynamics of flame-balls",
	journal = "Combustion Science and Technology",
	volume = "89(1)",
	year = "1984",
	pages = "57–-69",
}
@article {buck3,
	author = "J.~Buckmaster and G.~Joulin",
	title = "Flame balls stabilized by suspension in fluid with a steady linear ambient velocity distribution",
	journal = "Journal of Fluid Mechanics",
	volume = "227(1)",
	year = "1991",
	pages = "407--427",
}
@ARTICLE{ronney.fb1,
  AUTHOR =       {P. Ronney},
  TITLE =        {Near-Limit Flame Structures at Low Lewis Number},
  JOURNAL =      {Combustion and Flame},
  YEAR =         {1990},
  volume =       {82(1)},
  pages =        {1-14},
}

@ARTICLE{ronney.exp,
  AUTHOR =       {P. Ronney and M. Wu and H. Pearlman and K. Weiland},
  TITLE =        {Experimental study of flame balls in space: preliminary results from {STS-83} space flight experiments},
  JOURNAL =      {AIAA Journal},
  volume =       {36(8)},
  YEAR =         {1998},
  pages =        {1361-1368},
}
@article {Joulin2,
	author = "G.~Joulin",
	title = "Point-Source Initiation of Lean Spherical Flames of Light Reactants: An Asymptotic Theory",
	journal = "Combustion Science and Technology",
	volume = "43(1)",
	year = "1985",
	pages = "99–-113",
}
@article {Joulin4,
	author = "M.~Champion and B.~Deshaies and G.~Joulin and K.~Kinoshita",
	title = "Spherical flame initiation: theory versus experiments for lean propane–air mixtures",
	journal = "Combustion and Flame",
	volume = "65(3)",
	year = "1986",
	pages = "319-337",
},
@book{williams_combustion_Theory,
	title = {Combustion Theory},
	isbn = {0201407779},
	publisher = {Benjamin-Cummings, Menlo Park},
	author = {F. Williams},
	year = {1985},
	pages = {708}
},
@article {Sadanandan,
	author = "R.~Sadanandan and D.~Markus and R.~{Schiessl} and U.~Maas and J.~Olofsson and H.~Seyfried and M.~Richter  and  M.~Ald\'{e}n",
	title = "Detailed investigation of ignition by hot gas jets",
	journal = "Proceedings of the Combustion Institute",
	volume = "31(1)",
	year = "2007",
	pages = "719–-726",
} 